@Book{Mar1959,
  title = {Portfolio Selection EFFICIENT DIVERSIFICATION OF INVESTMENTS},
  author = {Harry M. Markowitz},
  year = {1959}
}

@Book{Mar2005,
  title = {Portfolio Management with Heuristic Optimization},
  author = {Dientmar Maringer},
  year = {2005}
}
